<record><leader>00000cas a22000007a 4500</leader><controlfield tag="001">11326959</controlfield><controlfield tag="008">841030d19281928iaudn ne      0    0eng d</controlfield><controlfield tag="009">3770</controlfield><datafield ind1=" " ind2=" " tag="010"><subfield code="a">sn 84024812 </subfield></datafield><datafield ind1=" " ind2=" " tag="040"><subfield code="a">NPV</subfield><subfield code="b">eng</subfield><subfield code="c">NPV</subfield><subfield code="d">INP</subfield><subfield code="d">DLC</subfield><subfield code="d">SXN</subfield></datafield><datafield ind1=" " ind2=" " tag="042"><subfield code="a">msc</subfield></datafield><datafield ind1="0" ind2="4" tag="245"><subfield code="a">The Sioux City tribune and the Sioux Falls press.</subfield></datafield><datafield ind1="1" ind2="0" tag="246"><subfield code="a">Sioux City tribune, the Sioux Falls press</subfield></datafield><datafield ind1=" " ind2=" " tag="260"><subfield code="a">Sioux City, Iowa :</subfield><subfield code="b">[s.n.],</subfield><subfield code="c">1928.</subfield></datafield><datafield ind1=" " ind2=" " tag="300"><subfield code="a">1 v. :</subfield><subfield code="b">ill.</subfield></datafield><datafield ind1=" " ind2=" " tag="310"><subfield code="a">Daily (except Sunday)</subfield></datafield><datafield ind1="0" ind2=" " tag="362"><subfield code="a">Vol. 44, no. 1 (Jan. 2, 1928)-v. 44, no. 313 (Dec. 31, 1928).</subfield></datafield><datafield ind1=" " ind2=" " tag="500"><subfield code="a">Published as: Sioux City tribune, the Sioux Falls press, Jan. 3-Dec. 31, 1928.</subfield></datafield><datafield ind1=" " ind2=" " tag="752"><subfield code="a">United States</subfield><subfield code="b">Iowa</subfield><subfield code="c">Woodbury</subfield><subfield code="d">Sioux City.</subfield></datafield><datafield ind1="0" ind2="4" tag="780"><subfield code="t">Sioux City tribune (Sioux City, Iowa : 1891)</subfield><subfield code="w">(DLC)sn 84027314</subfield></datafield><datafield ind1="0" ind2="4" tag="780"><subfield code="t">Sioux Falls press (Sioux Falls, S.D. : 1915)</subfield><subfield code="w">(DLC)sn 98069070</subfield></datafield><datafield ind1="0" ind2="0" tag="785"><subfield code="t">Sioux City tribune (Sioux City, Iowa : 1929)</subfield><subfield code="w">(DLC)sn 87057888</subfield></datafield></record>